<record><leader>00000cas a22000007a 4500</leader><controlfield tag="001">9345113</controlfield><controlfield tag="008">830325d18401846mduwr ne      0    0eng  </controlfield><datafield ind1=" " ind2=" " tag="010"><subfield code="a">sn 83016044 </subfield></datafield><datafield ind1=" " ind2=" " tag="040"><subfield code="a">DLC</subfield><subfield code="b">eng</subfield><subfield code="c">DLC</subfield><subfield code="d">PPM</subfield><subfield code="d">MFN</subfield><subfield code="d">DLC</subfield><subfield code="d">OCLCQ</subfield><subfield code="d">DLC</subfield></datafield><datafield ind1=" " ind2=" " tag="042"><subfield code="a">msc</subfield></datafield><datafield ind1="0" ind2="0" tag="050"><subfield code="a">Newspaper</subfield></datafield><datafield ind1="0" ind2=" " tag="130"><subfield code="a">Ocean (Baltimore, Md.)</subfield></datafield><datafield ind1="1" ind2="4" tag="245"><subfield code="a">The ocean.</subfield></datafield><datafield ind1="1" ind2="3" tag="246"><subfield code="a">Ocean and weekly clipper</subfield></datafield><datafield ind1=" " ind2=" " tag="260"><subfield code="a">Baltimore, Md. :</subfield><subfield code="b">Bull</subfield></datafield><datafield ind1=" " ind2=" " tag="300"><subfield code="a">v.</subfield></datafield><datafield ind1=" " ind2=" " tag="310"><subfield code="a">Weekly</subfield></datafield><datafield ind1="1" ind2=" " tag="362"><subfield code="a">Began in 1840; ceased in 1846?</subfield></datafield><datafield ind1=" " ind2=" " tag="580"><subfield code="a">Daily eds.: Baltimore clipper (Baltimore, Md. : 1839); American Republican and Baltimore daily clipper.</subfield></datafield><datafield ind1=" " ind2=" " tag="588"><subfield code="a">Description based on: July 4, 1840.</subfield></datafield><datafield ind1=" " ind2=" " tag="752"><subfield code="a">United States</subfield><subfield code="b">Maryland</subfield><subfield code="d">Baltimore.</subfield></datafield><datafield ind1="1" ind2=" " tag="775"><subfield code="t">Baltimore clipper (Baltimore, Md. : 1839)</subfield><subfield code="w">(DLC)sn 83009566</subfield></datafield><datafield ind1="1" ind2=" " tag="775"><subfield code="t">American Republican and Baltimore daily clipper</subfield><subfield code="x">2375-3390</subfield><subfield code="w">(DLC)sn 83009567</subfield><subfield code="w">(OCoLC)9086206</subfield></datafield><datafield ind1="0" ind2=" " tag="775"><subfield code="t">Bull &amp; Tuttle's new monthly Baltimore clipper and general advertiser</subfield><subfield code="w">(DLC)sn 85038288</subfield></datafield><datafield ind1="0" ind2="0" tag="785"><subfield code="t">Baltimore weekly clipper</subfield><subfield code="w">(DLC)sn 83016045</subfield></datafield><datafield ind1="1" ind2=" " tag="029"><subfield code="a">AU@</subfield><subfield code="b">000026234923</subfield></datafield></record>